<record><leader>00000cas a2200000 a 4500</leader><controlfield tag="001">5629877</controlfield><controlfield tag="007">hd afb---bacp</controlfield><controlfield tag="007">hd bfb---babp</controlfield><controlfield tag="008">791031d19741976wauwr nea     0    0eng c</controlfield><datafield ind1=" " ind2=" " tag="010"><subfield code="a">  2002252124</subfield></datafield><datafield ind1=" " ind2=" " tag="040"><subfield code="a">WAU</subfield><subfield code="b">eng</subfield><subfield code="c">WAU</subfield><subfield code="d">OCLCQ</subfield></datafield><datafield ind1=" " ind2=" " tag="042"><subfield code="a">pcc</subfield></datafield><datafield ind1=" " ind2=" " tag="043"><subfield code="a">n-us-wa</subfield></datafield><datafield ind1="0" ind2="0" tag="245"><subfield code="a">University herald today</subfield><subfield code="h">[microform].</subfield></datafield><datafield ind1="1" ind2="7" tag="246"><subfield code="a">Today</subfield></datafield><datafield ind1=" " ind2=" " tag="260"><subfield code="a">Seattle, Wash. :</subfield><subfield code="b">Seattle Community Publications,</subfield><subfield code="c">[-1976]</subfield></datafield><datafield ind1=" " ind2=" " tag="300"><subfield code="a">v. :</subfield><subfield code="b">ill.</subfield></datafield><datafield ind1=" " ind2=" " tag="310"><subfield code="a">Weekly</subfield></datafield><datafield ind1="1" ind2=" " tag="362"><subfield code="a">Began in 1974.</subfield></datafield><datafield ind1="0" ind2=" " tag="362"><subfield code="a">-v. 84, no. 20 (May 12, 1976).</subfield></datafield><datafield ind1=" " ind2=" " tag="525"><subfield code="a">Includes supplement: Entertainer, Feb. 4-May 12, 1976.</subfield></datafield><datafield ind1=" " ind2=" " tag="588"><subfield code="a">Description based on: Vol. 84, no. 32 (Aug. 7, 1974).</subfield></datafield><datafield ind1=" " ind2=" " tag="533"><subfield code="a">Microfilm.</subfield><subfield code="b">[Seattle, Wash.] :</subfield><subfield code="c">Filmed for the University of Washington Libraries.</subfield><subfield code="e">3 microfilm reels ; 35 mm.</subfield><subfield code="n">Filmed with other titles.</subfield><subfield code="n">Missing issues.</subfield></datafield><datafield ind1="0" ind2="2" tag="740"><subfield code="a">Entertainer.</subfield></datafield><datafield ind1=" " ind2=" " tag="752"><subfield code="a">United States</subfield><subfield code="b">Washington</subfield><subfield code="c">King</subfield><subfield code="d">Seattle.</subfield></datafield><datafield ind1="0" ind2="0" tag="780"><subfield code="t">Today in University, Ravenna, View Ridge, Sand Point, Montlake, North Broadway and Madison Park</subfield><subfield code="w">(DLC)  2002252123</subfield><subfield code="w">(OCoLC)5621056</subfield></datafield><datafield ind1="0" ind2="0" tag="785"><subfield code="t">University herald (Seattle, Wash.)</subfield><subfield code="w">(DLC)  2002252125</subfield><subfield code="w">(OCoLC)42340310</subfield></datafield><datafield ind1="1" ind2=" " tag="029"><subfield code="a">AU@</subfield><subfield code="b">000023395569</subfield></datafield></record>